@article{nakamori2021development,
  title={Development of an optical photon-counting imager with a monolithic Geiger Avalanche Photodiode array},
  author={Nakamori, Takeshi and Ouchi, Yuga and Ogihara, Risa and Terasawa, Toshio and Kato, Yuhei and Shibata, Shinpei},
  journal={Publications of the Astronomical Society of Japan},
  note={In press},
  year={2021},
  publisher={Oxford University Press}
}

@article{straubmeier2001optima,
  title={OPTIMA: a photon counting high-speed photometer},
  author={Straubmeier, C and Kanbach, G and Schrey, F},
  journal={Experimental Astronomy},
  volume={11},
  number={1},
  pages={157--170},
  year={2001},
  publisher={Springer}
}
@article{ambrosino2017optical,
  title={Optical pulsations from a transitional millisecond pulsar},
  author={Ambrosino, Filippo and Papitto, ALESSANDRO and Stella, Luigi and Meddi, F and Cretaro, P and Burderi, Luciano and Di Salvo, Tiziana and Israel, Gian Luca and Ghedina, A and Di Fabrizio, L and others},
  journal={Nature Astronomy},
  volume={1},
  number={12},
  pages={854--858},
  year={2017},
  publisher={Nature Publishing Group}
}

@article{zampieri2019precise,
  title={Precise optical timing of PSR J1023+ 0038, the first millisecond pulsar detected with Aqueye+ in Asiago},
  author={Zampieri, Luca and Burtovoi, Aleksandr and Fiori, Michele and Naletto, Giampiero and Spolon, Alessia and Barbieri, Cesare and Papitto, Alessandro and Ambrosino, Filippo},
  journal={Monthly Notices of the Royal Astronomical Society: Letters},
  volume={485},
  number={1},
  pages={L109--L113},
  year={2019},
  publisher={Oxford University Press}
}

@article{capel2018mini,
  title={Mini-EUSO: A high resolution detector for the study of terrestrial and cosmic UV emission from the International Space Station},
  author={Capel, Francesca and Belov, Alexander and Casolino, Marco and Klimov, Pavel and {JEM-EUSO Collaboration}},
  journal={Advances in Space Research},
  volume={62},
  number={10},
  pages={2954--2965},
  year={2018},
  publisher={Elsevier}
}

@inproceedings{wright2018panoramic,
  title={Panoramic optical and near-infrared {SETI} instrument: overall specifications and science program},
  author={Wright, Shelley A and Horowitz, Paul and Maire, J{\'e}r{\^o}me and Werthimer, Dan and Antonio, Franklin and Aronson, Michael and Chaim-Weismann, Sam and Cosens, Maren and Drake, Frank D and Howard, Andrew W and others},
  booktitle={Ground-based and Airborne Instrumentation for Astronomy VII},
  volume={10702},
  pages={1611-1625},
  year={2018},
  organization={International Society for Optics and Photonics}
}

@inproceedings{li2019detector,
  title={Detector characterization of a near-infrared discrete avalanche photodiode 5x5 array for astrophysical observations},
  author={Li, Siyang and Maire, J{\'e}r{\^o}me and Cosens, Maren and Wright, Shelley A},
  booktitle={Infrared Technology and Applications XLV},
  volume={11002},
  pages={521-528},
  year={2019},
  organization={International Society for Optics and Photonics}
}

@inproceedings{li2019program,
  title={Program objectives and specifications for the Ultra-Fast Astronomy observatory},
  author={Li, Siyang and Smoot, George F and Grossan, Bruce and Lau, Albert Wai Kit and Bekbalanova, Marzhan and Shafiee, Mehdi and Stezelberger, Thorsten},
  booktitle={AOPC 2019: Space Optics, Telescopes, and Instrumentation},
  volume={11341},
  pages={513-521},
  year={2019},
  organization={International Society for Optics and Photonics}
}

@misc{hamamtsu2016s13360,
  title={S13360 Series MPPC Datasheet},
  author={Hamamtsu Photonics, KK},
  howpublished="\url{https://www.hamamatsu.com/resources/pdf/ssd/s13360_series_kapd1052e.pdf}",
  year={2016}
}

@inproceedings{li2019characterization,
  title={Characterization of a silicon photomultiplier for the Ultra-Fast Astronomy telescope},
  author={Li, Siyang and Smoot III, George F},
  booktitle={UV/Optical/IR Space Telescopes and Instruments: Innovative Technologies and Concepts IX},
  volume={11115},
  pages={66-74},
  year={2019},
  organization={International Society for Optics and Photonics}
}

@misc{Weeroc2019,
  title={Citiroc 1A Datasheet.},
  author={Weeroc},
  year={2019},
  howpublished="\url{https://www.weeroc.com/my-weeroc/download-center/citiroc-1a/16-citiroc1a-datasheet-v2-5/file}"
}

@article{lau2020sky,
  title={On-sky silicon photomultiplier detector performance measurements for millisecond to sub-microsecond optical source variability studies},
  author={Lau, Albert WK and Shafiee, Mehdi and Smoot, George F and Grossan, Bruce and Li, Siyang and Maksut, Zhanat},
  journal={Journal of Astronomical Telescopes, Instruments, and Systems},
  volume={6},
  number={4},
  pages={1--24},
  year={2020},
  publisher={International Society for Optics and Photonics}
}